%%%% %%%% %%%%
% THEORY
%%%% %%%% %%%%
@Book{ClausSchwill2006,
    author      = "V. Claus and A. Schwill",
    title       = "Informatik A-Z: Fachlexikon für Studium, Ausbildung und Beruf",
    year        = 2006,
    publisher   = "Duden",
    address     = "Mannheim",
}
%isbn        = "978-3411052349"

@inproceedings{Rivard1996,
    author      = "Rivard, F.",
    title       = "Smalltalk: a Reflective Language",
    publisher   = "Reflection '96",
    address     = "San Francisco, California",
    month       = {April},
    year        = 1996,
    url         = {http://www2.parc.com/csl/groups/sda/projects/reflection96/docs/rivard/rivard.html},
    urldate     = {2009-08-06},
    note = {\href{run:./literatur/rivard.html}{rivard.html}},
}

@book{Gamma1995,
    author = {Gamma, Erich and Helm, Richard and Johnson, Ralph and Vlissides, John},
    citeulike-article-id = {1835319},
    posted-at = {2007-10-29 11:08:51},
    priority = {2},
    publisher = {Addison-Wesley Professional},
    address     = "Boston, Massachusetts, USA",
    title = {Design Patterns. elements of Reusable Object-Oriented Software},
    year = {1995}
}



%%%% %%%% %%%%
% MODELING
%%%% %%%% %%%%
@Book{PetriReisig2008,
    author      = "Carl Adam Petri and Wolfgang Reisig",
    title       = "Petri net",
    year        = "2008",
    publisher   = "http://scholarpedia.org/",
    url        = {http://scholarpedia.org/article/Petri\_net},
    urldate     = {2009-09-14},
    note = {\href{run:./literatur/petri-reisig-Petri-net.html}{petri-reisig-Petri-net.html}},
}

@Book{BernroiderStix2006,
    author      = "E. Bernroider and V. Stix",
    title       = "Grundzüge der Modellierung: Anwendungen für die Softwareentwicklung",
    year        = 2006,
    publisher   = "Facultas",
    address     = "Wien",
}
%    edition     = "second",
%    isbn        = "978-3851149319",
%    note        = "http://www.ai.wu-wien.ac.at/gzmod/"



%%%% %%%% %%%%
% OMG STANDARDS
%%%% %%%% %%%%

@misc{OMG2009,
  author = {{Object Management Group}},
  title = {OMG Unified Modeling Language (OMG UML), Superstructure},
  url = {http://www.omg.org/spec/UML/2.2/Superstructure},
  year = {2009},
  urldate = {09.04.2009},
  note = {\href{run:./literatur/omg-uml-2.2-superstructure--09-02-02.pdf}{omg-uml-2.2-superstructure--09-02-02.pdf}},
}

@misc{OMG20092,
  author = {{Object Management Group}},
  title = {OMG Unified Modeling Language (OMG UML), Infrastructure Version 2.0},
  url = {http://www.omg.org/spec/UML/2.2/Infrastructure},
  month = {February},
  year = {2009},
  urldate = {09.04.2009},
  note = {\href{run:./literatur/omg-uml-2.2-infrastructure--09-02-04.pdf}{omg-uml-2.2-infrastructure--09-02-04.pdf}},
}

@misc{OMG2008,
  author = {{Object Management Group}},
  title = {Semantics of a Foundational Subset for Executable UML Models (FUML)},
  url = {http://www.omg.org/spec/FUML/1.0/Beta1/},
  month = {November},
  year = {2008},
  urldate = {10.08.2009},
  note = {\href{run:./literatur/omg-fuml--08-11-03.pdf}{omg-fuml--08-11-03.pdf}},
}
%  note = {1.0 Beta1},

@misc{OMG2006,
  author = {{Object Management Group}},
  title = {Meta Object Facility (MOF) Core Specification},
  url = {http://www.omg.org/spec/MOF/2.0},
  month = {January},
  year = {2006},
  urldate = {09.04.2009},
  note = {\href{run:./literatur/omg-mof-2.0-core-specification--06-01-01.pdf}{omg-mof-2.0-core-specification--06-01-01.pdf}},
}

% %%% BPMN
@misc{BPMN2009,
  author = {{Object Management Group}},
  title = {Business Process Modeling Notation (BPMN)},
  url = {http://www.omg.org/spec/BPMN/1.2},
  year = {2009},
  urldate = {03.08.2009},
  note = {\href{run:./literatur/omg-BPMN-1.2--09-01-03.pdf}{omg-BPMN-1.2--09-01-03.pdf}},
}

@misc{BPDM2008,
  author = {{Object Management Group}},
  title = {Business Process Definition MetaModel, Volume II: Process Definitions},
  year = {2008},
  month = {November},
  url = {http://www.omg.org/spec/BPDM/1.0/PDF},
  urldate = {09.04.2009},
  note = {\href{run:./literatur/omg-BPDM-08-11-04.pdf}{omg-BPDM-08-11-04.pdf}},
}

@misc{BPMN2007,
  author = {{Object Management Group}},
  title = {Business Process Model and Notation (BPMN) 2.0 Request For Proposal},
  year = {2007},
  month = {Juni},
  url = {http://www.bpmn.org/Documents/BPMN%202-0%20RFP%2007-06-05.pdf},
  urldate = {09.04.2009},
  note = {\href{run:./literatur/omg-BPMN-2-0-RFP-07-06-05.pdf}{omg-BPMN-2-0-RFP-07-06-05.pdf}},
}



%%%% %%%% %%%%
% UML AND MODELING BOOKS
%%%% %%%% %%%%

%%%% BOOKS
@Book{HitzEtAl2005,
    author      = "M. Hitz and G. Kappel and E. Kapsammer and W. Retschitzegger",
    title       = "UML @ Work: Objektorientierte Modellierung mit UML2",
    year        = "2005",
    publisher   = "dpunkt.verlag",
    address     = "Heidelberg",
}
%    edition     = "third",
%    isbn        = "978-3-89864-261-3",
%    note        = "http://www.dpunkt.de/buecher/2137.html"

@Book{PilonePitman2005,
    author      = "D. Pilone and N. Pitman",
    title       = "UML 2.0 in a Nutshell",
    year        = "2005",
    publisher   = "O'Reilly Media",
    address     = "Sebastopol, California, USA",
}
%    edition     = "first",
%    isbn        = "9780596007959",
%    note        = "http://oreilly.com/catalog/9780596007959/"

@Book{WeilkiensOestereich2004,
    author      = "T. Weilkiens and B. Oestereich",
    title       = "UML 2 Zertifizierung: Test-Vorbereitung zum OMG Certified UML Professional (Fundamental)",
    year        = "2004",
    publisher   = "dpunkt.verlag",
    address     = "Heidelberg",
}
%    edition     = "first",
%    isbn        = "3-89864-294-1"

@Book{RumbaughJacobsonBooch2005,
    author      = "J. Rumbaugh and I. Jacobson and G. Booch",
    title       = "The Unified Modeling Language Reference Manual, Second Edition",
    year        = "2005",
    publisher   = "Addison-Wesley, Pearson Education",
    address     = "Boston, Massachusetts, USA",
}
%    edition     = "first",
%    isbn        = "9780321245625",
%    note        = "http://www.pearsonhighered.com/educator/academic/product/0,3110,0321245628,00.html"

@book{MDSD2007,
	author = {Stahl, T. and Völter, M. and Efftinge, S. and Haase, A.},
    publisher   = "dpunkt.verlag",
    address     = "Heidelberg",
	title = {Modellgetriebene Softwareentwicklung},
	year = {2007},
}
%    edition = {second},
%	isbn = {978-3-89864-448-8},
%	keywords = {mdsd, model-driven-software-development},

@book{EMF2009,
    author = {Steinberg, D. and Budinsky, F. and Paternostro, M. and Merks, E.},
	month = {January},
	publisher = {Addison-Wesley Longman, Amsterdam},
	title = {EMF: Eclipse Modeling Framework (2nd Edition) (Eclipse)},
	year = {2009},
}
%	edition = {2nd Revised edition (REV).},
%	howpublished = {Taschenbuch},
%	isbn = {0321331885},
%	keywords = {2008, 2c, emf, modelling},



%%%% %%%% %%%%
% MODELING ARTICLES, PROCEEDINGS, THESIS
%%%% %%%% %%%%

@PhDThesis{Crane2009,
	title = {{Slicing UML’s Three-layer Architecture: A Semantic Foundation for Behavioural Specification}},
	author = {Crane, M. L.},
	url = {http://michellelcrane.com/stuff/publications/Crane_PhD_Thesis.pdf},
	year = {2009},
	school = {Queen's University},
	month = {January},
	address = {Kingston, Ontario, Canada},
	note = {\href{run:./literatur/Crane_PhD_Thesis.pdf}{Crane\_PhD\_Thesis.pdf}},
}
%	url = {http://michellelcrane.com/stuff/publications/Crane_PhD_Thesis.pdf},

@inproceedings{CraneDingel2008,
    author = {Crane, M. L. and Dingel, J.},
    title = {Towards a UML virtual machine: implementing an interpreter for UML 2 actions and activities},
    year = {2008},
    publisher = {ACM},
    address = {New York, NY, USA},
    note = {\href{run:./literatur/Crane-Dingel-CASCON-2008.pdf}{Crane-Dingel-CASCON-2008.pdf}},
}
%    booktitle = {CASCON '08: Proceedings of the 2008 conference of the center for advanced studies on collaborative research},
%    pages = {96--110},
%    location = {Ontario, Canada},
%    doi = {http://doi.acm.org/10.1145/1463788.1463799},
%    url = {http://michellelcrane.com/stuff/publications/Crane%20Dingel%20CASCON%202008.pdf},

@Article{Bock2004,
	title = {{UML 2 Activity and Action Models Part 4: Object Nodes}},
	author = {C. Bock},
	year = {2004},
	url = {http://www.jot.fm/issues/issue_2004_01/column3},
	pages = {27-41},
	month = {January},
	volume = {3},
	journal = {Journal of Object Technology},
	urldate = {2009-09-14},
	note = {\href{run:./literatur/bock2004.html}{bock2004.html}},
}
%	number = {1},

@PhDThesis{Alanen2007,
	title = {A Metamodeling Framework for Software Engineering},
	author = {Alanen, M.},
	url = {http://tucs.fi/publications/insight.php?id=phdAlanen07a},
	year = {2007},
	school = {Åbo Akademi University},
	address = {Turku, Finland},
    note = {\href{run:./literatur/alanen-MFSE-DISS89.pdf}{alanen-MFSE-DISS89.pdf}},
}
%	url = {http://tucs.fi/publications/insight.php?id=phdAlanen07a},


% http://dblp.uni-trier.de/rec/bibtex/conf/se/StorrleH05
% DBLP:conf/se/StorrleH05
@inproceedings{StorrleH2005,
  author    = {H. St{\"o}rrle and
               J. H. Hausmann},
  title     = {Towards a Formal Semantics of UML 2.0 Activities},
  booktitle = {Software Engineering},
  year      = {2005},
  pages     = {117-128},
  crossref  = {DBLP:conf/se/2005},
  bibsource = {DBLP, http://dblp.uni-trier.de},
  note = {\href{run:./literatur/SE2005-Stoerrle-Hausmann-ActivityDiagrams.pdf}{SE2005-Stoerrle-Hausmann-ActivityDiagrams.pdf}},
}
%  booktitle = {Software Engineering},
%  pages     = {117-128},
%  crossref  = {DBLP:conf/se/2005},
%  bibsource = {DBLP, http://dblp.uni-trier.de}

@proceedings{DBLP:conf/se/2005,
  editor    = {P. Liggesmeyer and
               K. Pohl and
               M. Goedicke},
  title     = {Software Engineering 2005, Fachtagung des GI-Fachbereichs
               Softwaretechnik, 8.-11.3.2005 in Essen},
  booktitle = {Software Engineering},
  publisher = {GI},
  series    = {LNI},
  volume    = {64},
  year      = {2005},
  isbn      = {3-88579-393-8},
  bibsource = {DBLP, http://dblp.uni-trier.de},
}
%  booktitle = {Software Engineering},

% http://portal.acm.org/citation.cfm?id=1269011
@inproceedings{SForster2007,
 author = {Schattkowsky, T. and Förster, A.},
 title = {On the Pitfalls of UML 2 Activity Modeling},
 booktitle = {MISE '07: Proceedings of the International Workshop on Modeling in Software Engineering},
 year = {2007},
 publisher = {IEEE Computer Society},
 address = {Washington, DC, USA},
 note = {\href{run:./literatur/schattkowsky-foerster--29530008.pdf}{schattkowsky-foerster--29530008.pdf}},
}
% booktitle = {MISE '07: Proceedings of the International Workshop on Modeling in Software Engineering},
% isbn = {0-7695-2953-4},
% pages = {8},
% doi = {http://dx.doi.org/10.1109/MISE.2007.12},



%%%% %%%% %%%%
% PYTHON, FRAMEWORKS AND TOOLS
%%%% %%%% %%%%
@book{Martelli2006,
	address = "Sebastopol, California, USA",
	author = {Martelli, A.},
	publisher = {{O'Reilly Media, Inc.}},
	title = {Python in a Nutshell (In a Nutshell (O'Reilly))},
	year = {2006}
}
%    edition = "second",
%	isbn = {978-0596-10046-9},

@misc{Bug1,
    author = "J. Raggam",
    title = "abstract class instantiable when subclassing dict",
    url = "http://bugs.python.org/issue5996",
    year = "2009",
}

@misc{PEP20,
    author = "T. Peters",
    title = "The Zen of Python",
    url = "http://www.python.org/dev/peps/pep-0020/",
    year = "2004",
    urldate = {2009-09-13},
    note = {\href{run:./literatur/PEP-20.html}{PEP-20.html}},
}

@misc{PEP8,
    author = "G. van Rossum and B. Warsaw",
    title = "Style Guide for Python Code",
    url = "http://www.python.org/dev/peps/pep-0008/",
    year = "2001",
    urldate = {2009-09-13},
    note = {\href{run:./literatur/PEP-8.html}{PEP-8.html}},
}


@misc{Py26Type,
	title = {{http://docs.python.org/}},
	url = {http://docs.python.org/library/functions.html#type}
}

@misc{Py26Import,
	title = {{http://docs.python.org/}},
	url = {http://docs.python.org/library/functions.html#__import__}
}

@misc{AGX,
    title = "ArchGenXML Transformations Framework",
    url = "http://svn.plone.org/svn/archetypes/AGX/",
    urldate = {2009-08-03},
}

@misc{EclipseMDT,
    title = "Model Development Tools (MDT)",
    url = "http://www.eclipse.org/modeling/mdt/",
    urldate = {2009-08-03},
}

@misc{EclipseDown,
title = "Eclipse Modeling Tools",
url = "http://www.eclipse.org/downloads/packages/eclipse-modeling-tools-includes-incubating-components/galileor",
urldate = {2009-08-03},
}

@misc{BaijuM2009,
    author = "B. Muthukadan",
    title = "A Comprehensive Guide to Zope Component Architecture",
    url = "http://www.muthukadan.net/docs/zca.html",
    urldate = {2009-09-10},
    note = {\href{run:./literatur/zca-0.5.7.pdf}{zca-0.5.7.pdf}},
}



%%%% %%%% %%%%
% BPMN
%%%% %%%% %%%%

@article{White2004,
  author = {S. A. White},
  title = {Introduction to BPMN},
  url = {http://www.bpmn.org/Documents/Introduction%20to%20BPMN.pdf},
  year = {2004},
  publisher = {IBM},
  month = {May},
  urldate = {04.08.2009},
  note = {\href{run:./literatur/white--Introduction-to-BPMN.pdf}{white--Introduction-to-BPMN.pdf}},
}

@article{White20042,
  author = {S. A. White},
  title = {Process Modeling Notations and Workflow Patterns},
  url = {http://www.bpmn.org/Documents/Notations%20and%20Workflow%20Patterns.pdf},
  year = {2004},
  publisher = {IBM},
  month = {January},
  urldate = {08.08.2009},
  note = {\href{run:./literatur/white--Notations-and-Workflow-Patterns.pdf}{white--Notations-and-Workflow-Patterns.pdf}},
}

@misc{BPMI,
    author = "www.bpmi.org",
    url = "http://www.bpmi.org/",
    urldate = {04.08.2009},
}

@misc{Gilbert2007,
    author = "P. Gilbert",
    title = {Specification Inflation, Hyperventilation and Ultimately Consolidation},
    url = "http://blog.lombardicto.com/2007/04/index.html",
    year = {2007},
    month = {April},
    urldate = {04.08.2009},
    note = {\href{run:./literatur/gilbert-bpmn2.html}{gilbert-bpmn2.html}},
}

% not in use?
@Book{WhiteMiers2008,
    author      = "S. A. White and D. Miers",
    title       = "BPMN Modeling and Reference Guide: Understanding and Using BPMN",
    year        = 2008,
    publisher   = "Future Strategies Inc",
    address     = "Lighthouse Point, Florida, USA",
    note        = "http://www.futstrat.com/books/BPMN-Guide.php"
}
%    isbn        = "978-0977752720",



%%%% %%%% %%%%
% WS-BPEL
%%%% %%%% %%%%

@book{BPEL1,
	author = {Weerawarana, S. and Curbera, F. and Leymann, F. and Storey, T. and Ferguson, D. F.},
	month = {March},
	publisher = {{Prentice Hall PTR}},
	title = {Web Services Platform Architecture : SOAP, WSDL, WS-Policy, WS-Addressing, WS-BPEL, WS-Reliable Messaging, and More},
	year = {2005}
}
%	howpublished = {Paperback},
%	isbn = {0131488740},
%	keywords = {webservices, ws-bpel},

@book{BPEL2,
	author = {Mcgovern, J. and Sims, O. and Jain, A. and Little, M.},
	month = {April},
	publisher = {Springer},
	title = {Enterprise Service Oriented Architectures: Concepts, Challenges, Recommendations (The Enterprise Series)},
	year = {2006},
}
%	edition = {1},
%	howpublished = {Hardcover},
%	isbn = {140203704X},

@misc{OASIS2007,
  title = {Web Services Business Process Execution Language Version 2.0},
  month = {April},
  year = {2007},
  publisher = {OASIS},
  url = {http://docs.oasis-open.org/wsbpel/2.0/wsbpel-v2.0.pdf},
  urldate = {05.08.2009},
  note = {\href{run:./literatur/oasis-wsbpel-v2.0.pdf}{oasis-wsbpel-v2.0.pdf}},
}



%%%% %%%% %%%%
% DYNAMIC BUSINESS PROCESSES
%%%% %%%% %%%%

% http://portal.acm.org/citation.cfm?id=1425472
@inproceedings{Weber2008,
 author = {Weber, B. and Reichert, M.},
 title = {Refactoring Process Models in Large Process Repositories},
 booktitle = {CAiSE '08: Proceedings of the 20th international conference on Advanced Information Systems Engineering},
 year = {2008},
 pages = {124--139},
 publisher = {Springer-Verlag},
 address = {Berlin, Heidelberg},
}
% booktitle = {CAiSE '08: Proceedings of the 20th international conference on Advanced Information Systems Engineering},
% isbn = {978-3-540-69533-2},
% pages = {124--139},
% doi = {http://dx.doi.org/10.1007/978-3-540-69534-9_9},

% http://www.citeulike.org/group/2314/article/1867090
@incollection{Weber2007,
	author = {Weber, B. and Rinderle, S. and Reichert, M.},
	journal = {Advanced Information Systems Engineering},
	pages = {574--588},
	title = {Change Patterns and Change Support Features in Process-Aware Information Systems},
	url = {http://dx.doi.org/10.1007/978-3-540-72988-4_40},
	year = {2007}
}
%	keywords = {change, pais, patterns},
%	pages = {574--588},

% http://doc.utwente.nl/63205/
@inproceedings{Weber2006,
    volume = {3812},
    month = {February},
    author = {B. Weber and M.U. Reichert and S.B. Rinderle and W. Wild},
    series = {Lecture Notes in Computer Science},
    booktitle = {Proceedings Business Process Management Workshops, BPM 2005 International Workshops, BPI, BPD, ENEI, BPRM, WSCOBPM, BPS (Revised Selected Papers)},
    editor = {C. Bussler and A. Haller},
    title = {Towards a Framework for the Agile Mining of Business Processes},
    address = {Berlin, Heidelberg},
    publisher = {Springer Verlag},
    year = {2006},
    pages = {191--202},
    url = {http://doc.utwente.nl/63205/},
}
%    series = {Lecture Notes in Computer Science},
%    booktitle = {Proceedings Business Process Management Workshops, BPM 2005 International Workshops, BPI, BPD, ENEI, BPRM, WSCOBPM, BPS (Revised Selected Papers)},
%    editor = {C. Bussler and A. Haller},
%    pages = {191--202},



%%%% %%%% %%%%
% jBPM
%%%% %%%% %%%%

@misc{jBPM,
    author = "jboss.org",
    url = "http://www.jboss.org/jbossjbpm/",
    urldate = {08.08.2009},
}

@misc{jPDL,
    author = "jboss.org",
    url = "http://jboss.org/jbossjbpm/jpdl/",
    urldate = {08.08.2009},
}

@misc{ApacheODE,
    author = "apache.org",
    url = "http://ode.apache.org/",
    urldate = {08.08.2009},
}

@misc{SAPNetWeaverBPM,
    author = "sap.com",
    url = "http://www.sap.com/platform/netweaver/components/sapnetweaverbpm/index.epx",
    urldate = {08.08.2009},
}



%%%% %%%% %%%%
% Business Process
%%%% %%%% %%%%

@Book{SchwickertFischer1996,
    author      = "A. C. Schwickert and K. Fischer",
    title       = "Der Geschäftsprozeß als formaler Prozeß - Definition, Eigenschaften und Arten",
    journal     = "Arbeitspapiere WI",
    volume      = "Nr. 4/1996",
    year        = "1996",
    publisher   = "Lehrstuhl für Allg. BWL und Wirtschaftsinformatik, Johannes Gutenberg-Universität",
    address     = "Mainz",
    note = {\href{run:./literatur/schwickert-fischer--gp-formaler-prozess.pdf}{schwickert-fischer--gp-formaler-prozess.pdf}},
}



% END OF DOCUMENT
